@article{greenwade93,
    author  = "George D. Greenwade",
    title   = "The {C}omprehensive {T}ex {A}rchive {N}etwork ({CTAN})",
    year    = "1993",
    journal = "TUGBoat",
    volume  = "14",
    number  = "3",
    pages   = "342--351"
}

@article{Karsch:2022tqw,
    author = "Karsch, Frithjof and Simma, Hubert and Yoshie, Tomoteru",
    title = "{The International Lattice Data Grid -- towards FAIR data}",
    eprint = "2212.08392",
    archivePrefix = "arXiv",
    primaryClass = "hep-lat",
    doi = "10.22323/1.430.0244",
    journal = "PoS",
    volume = "LATTICE2022",
    pages = "244",
    year = "2023"
}

@article{Coddington:2007gz,
    author = "Coddington, P. and Joo, B. and Maynard, C. M. and Pleiter, D. and Yoshie, T.",
    editor = "Bali, Gunnar and Braun, Vladimir and Gattringer, Christof and Gockeler, Meinulf and Schafer, Andreas and Weisz, Peter and Wettig, Tilo",
    collaboration = "ILDG Metadata Working Group",
    title = "{Marking up lattice QCD configurations and ensembles}",
    eprint = "0710.0230",
    archivePrefix = "arXiv",
    primaryClass = "hep-lat",
    reportNumber = "UTCCS-P-32, UTHEP-550, JLAB-IT-07-04",
    doi = "10.22323/1.042.0048",
    journal = "PoS",
    volume = "LATTICE2007",
    pages = "048",
    year = "2007"
}

@article{Maynard:2004wg,
    author = "Maynard, C. M. and Pleiter, D.",
    editor = "Bodwin, Geoffrey T. and Sinclair, D. K. and Eichten, E. and Holmgren, D. and Kronfeld, Andreas S. and Mackenzie, P. and Okamoto, M. and Simone, J. and El-Khadra, Aida X.",
    title = "{QCDml: First milestone for building an International Lattice Data Grid}",
    eprint = "hep-lat/0409055",
    archivePrefix = "arXiv",
    reportNumber = "EDINBURGH-2004-18",
    doi = "10.1016/j.nuclphysbps.2004.11.116",
    journal = "Nucl. Phys. B Proc. Suppl.",
    volume = "140",
    pages = "213--221",
    year = "2005"
}


